<?xml version="1.0" encoding="UTF-8"?><collection xmlns="http://www.loc.gov/MARC21/slim"><record><leader>00354nam--2200121-i-4500</leader><controlfield tag="001">000019109</controlfield><controlfield tag="002">20161230</controlfield><controlfield tag="005">20161230201033</controlfield><controlfield tag="008">060222s1000------------r-----000-0-eng-d</controlfield><datafield ind1=" " ind2=" " tag="100"><subfield code="a">Dubois, M., Lobel, L</subfield></datafield><datafield ind1=" " ind2=" " tag="245"><subfield code="a">Basic sensitometry.the technique of measuring photographic materials.2nd edition</subfield></datafield><datafield ind1=" " ind2=" " tag="260"><subfield code="a">London, Focal Press, 1967. 271 P</subfield></datafield><datafield ind1=" " ind2=" " tag="852"><subfield code="a">30075</subfield></datafield></record></collection>